<record xmlns="http://www.loc.gov/MARC21/slim" xmlns:xsi="http://www.w3.org/2001/XMLSchema-instance" xsi:schemaLocation="http://www.loc.gov/MARC21/slim http://www.loc.gov/standards/marcxml/schema/MARC21slim.xsd"><leader>00037nz   2200037n  4500</leader><controlfield tag="001">DNB|102325634</controlfield><controlfield tag="003">DNB</controlfield><controlfield tag="005">20080405190218.0</controlfield><controlfield tag="008">920624n||aznnnabbn           | aaa    |c</controlfield><datafield ind1=" " ind2=" " tag="035"><subfield code="a">(DE-101)102325634</subfield></datafield><datafield ind1=" " ind2=" " tag="035"><subfield code="a">(DE-588a)102325634</subfield></datafield><datafield ind1=" " ind2=" " tag="040"><subfield code="a">DE-12</subfield><subfield code="b">ger</subfield><subfield code="c">DE-101</subfield><subfield code="e">rakwb</subfield><subfield code="d">9999</subfield></datafield><datafield ind1=" " ind2=" " tag="079"><subfield code="a">p</subfield><subfield code="q">f</subfield><subfield code="q">p</subfield><subfield code="t">7</subfield><subfield code="t">12-PAN</subfield></datafield><datafield ind1="0" ind2=" " tag="100"><subfield code="a">Diophanes</subfield><subfield code="c">Myrinus</subfield><subfield code="d">1. Jh. v. Chr.</subfield></datafield><datafield ind1="0" ind2=" " tag="400"><subfield code="a">Diophanes</subfield><subfield code="d">1. Jh. v. Chr.</subfield></datafield><datafield ind1="0" ind2=" " tag="400"><subfield code="a">Diophane</subfield><subfield code="d">1. Jh. v. Chr.</subfield></datafield><datafield ind1="0" ind2=" " tag="400"><subfield code="a">Diophanes</subfield><subfield code="c">Epigrammaticus</subfield><subfield code="d">1. Jh. v. Chr.</subfield></datafield><datafield ind1=" " ind2=" " tag="549"><subfield code="w">i</subfield><subfield code="i">Lebensdaten</subfield><subfield code="a">1. Jh. v. Chr.</subfield></datafield><datafield ind1=" " ind2=" " tag="678"><subfield code="a">AP 5.309</subfield></datafield><datafield ind1=" " ind2=" " tag="692"><subfield code="a">Didymus &lt;Caecus&gt;: Les Opuscules mathématiques. - 1940</subfield></datafield><datafield ind1=" " ind2=" " tag="910"><subfield code="a">les opuscules mathematiques</subfield><subfield code="9">1</subfield></datafield><datafield ind1=" " ind2=" " tag="943"><subfield code="a">194x</subfield><subfield code="9">1</subfield></datafield><datafield ind1=" " ind2=" " tag="950"><subfield code="a">didymus caecus</subfield><subfield code="9">1</subfield></datafield><datafield ind1=" " ind2=" " tag="996"><subfield code="2">LC|no2004032509</subfield></datafield><datafield ind1=" " ind2=" " tag="996"><subfield code="2">BNF|12981262</subfield></datafield><datafield ind1=" " ind2=" " tag="996"><subfield code="2">PICA|139877134</subfield></datafield><datafield ind1=" " ind2=" " tag="997"><subfield code="a">0 0 flourished</subfield><subfield code="9">1</subfield></datafield></record>